@article{ocsigen09,
 author = {Balat, Vincent and Vouillon, J{\'e}r\^{o}me and Yakobowski, Boris},
 title = {Experience report: ocsigen, a web programming framework},
 journal = {SIGPLAN Not.},
 issue_date = {September 2009},
 volume = {44},
 number = {9},
 month = aug,
 year = {2009},
 issn = {0362-1340},
 pages = {311--316},
 numpages = {6},
 url = {http://doi.acm.org/10.1145/1631687.1596595},
 doi = {10.1145/1631687.1596595},
 acmid = {1596595},
 publisher = {ACM},
 address = {New York, NY, USA},
 keywords = {ML, XHTML, implementation, networking, objective CAML, ocsigen, programming, services, typing, web},
} 

@inproceedings{links-fmco06,
 author = {Cooper, Ezra and Lindley, Sam and Wadler, Philip and Yallop, Jeremy},
 title = {Links: web programming without tiers},
 booktitle = {Proceedings of the 5th international conference on Formal methods for components and objects},
 series = {FMCO'06},
 year = {2007},
 isbn = {3-540-74791-5, 978-3-540-74791-8},
 location = {Amsterdam, The Netherlands},
 pages = {266--296},
 numpages = {31},
 url = {http://dl.acm.org/citation.cfm?id=1777707.1777724},
 acmid = {1777724},
 publisher = {Springer-Verlag},
 address = {Berlin, Heidelberg},
} 

@inproceedings{ocsigen06,
 author = {Balat, Vincent},
 title = {Ocsigen: typing web interaction with objective Caml},
 booktitle = {Proceedings of the 2006 workshop on ML},
 series = {ML '06},
 year = {2006},
 isbn = {1-59593-483-9},
 location = {Portland, Oregon, USA},
 pages = {84--94},
 numpages = {11},
 url = {http://doi.acm.org/10.1145/1159876.1159889},
 doi = {10.1145/1159876.1159889},
 acmid = {1159889},
 publisher = {ACM},
 address = {New York, NY, USA},
 keywords = {continuations, objective Caml, web programming},
} 



@inproceedings{yallop07,
 author = {Yallop, Jeremy},
 title = {Practical generic programming in OCaml},
 booktitle = {Proceedings of the 2007 workshop on Workshop on ML},
 series = {ML '07},
 year = 2007,
 isbn = {978-1-59593-676-9},
 location = {Freiburg, Germany},
 pages = {83--94},
 numpages = 12,
 url = {http://doi.acm.org/10.1145/1292535.1292548},
 doi = {10.1145/1292535.1292548},
 acmid = 1292548,
 publisher = {ACM},
 address = {New York, NY, USA},
 keywords = {OCaml, deriving, generic programming},
}

@article{sheard02,
 author = {Sheard, Tim and Jones, Simon Peyton},
 title = {Template meta-programming for Haskell},
 journal = {SIGPLAN Not.},
 issue_date = {December 2002},
 volume = {37},
 number = {12},
 month = dec,
 year = {2002},
 issn = {0362-1340},
 pages = {60--75},
 numpages = {16},
 url = {http://doi.acm.org/10.1145/636517.636528},
 doi = {10.1145/636517.636528},
 acmid = {636528},
 publisher = {ACM},
 address = {New York, NY, USA},
 keywords = {Meta programming, templates},
}

@article{lammel03,
 author = {L\"{a}mmel, Ralf and Jones, Simon Peyton},
 title = {Scrap your boilerplate: a practical design pattern for generic programming},
 journal = {SIGPLAN Not.},
 issue_date = {March 2003},
 volume = {38},
 number = {3},
 month = jan,
 year = {2003},
 issn = {0362-1340},
 pages = {26--37},
 numpages = {12},
 url = {http://doi.acm.org/10.1145/640136.604179},
 doi = {10.1145/640136.604179},
 acmid = {604179},
 publisher = {ACM},
 address = {New York, NY, USA},
 keywords = {generic programming, rank-2 types, traversal, type cast},
}

@online{ocaml-website,
 author    = "INRIA",
 title     = "The OCaml Language",
 url     = "http://caml.inria.fr/ocaml/index.en.html",
 urldate = "\today"
}

@online{camlp4-website,
 author    = "INRIA",
 title     = "Camlp4",
 url     = "http://brion.inria.fr/gallium/index.php/Camlp4",
 urldate = "\today"
}

@online{sexplib-website,
 author    = "Jane Street Capital",
 title     = "sexplib",
 url     = "http://github.com/janestreet/sexplib",
 urldate = "\today"
}

@online{pa-finally-website,
 author    = "Martin Jambon",
 title     = "pa\_finally",
 url = {http://martin.jambon.free.fr/pa_tryfinally.ml},
 urldate = "\today"
}

@article{minsky08,
 author = {Minsky, Yaron and Weeks, Stephen},
 title = {Caml trading; experiences with functional programming on wall street},
 journal = {J. Funct. Program.},
 issue_date = {July 2008},
 volume = {18},
 number = {4},
 month = jul,
 year = {2008},
 issn = {0956-7968},
 pages = {553--564},
 numpages = {12},
 url = {http://dx.doi.org/10.1017/S095679680800676X},
 doi = {10.1017/S095679680800676X},
 acmid = {1394798},
 publisher = {Cambridge University Press},
 address = {New York, NY, USA},
} 

@article{haskell98,
  author = {Simon {Peyton Jones} and others},
  title = {The {Haskell} 98 Language and Libraries: The Revised Report},
  journal = {Journal of Functional Programming},
  volume = 13,
  number = 1,
  pages = {0--255},
  month = {Jan},
  year = 2003,
  note = {\url{http://www.haskell.org/definition/}},
}

@ARTICLE{Hall96typeclasses,
    author = {Cordelia Hall and Kevin Hammond and Simon Peyton Jones and Philip Wadler},
    title = {Type Classes In Haskell},
    journal = {ACM Transactions on Programming Languages and Systems},
    year = {1996},
    volume = {18},
    pages = {241--256}
}